@book{Strogatz2015,
  title={Nonlinear dynamics and chaos: with applications to physics, biology, chemistry, and engineering},
  author={Strogatz, Steven H},
  year={2015},
  publisher={CRC Press}
}

@book{Pikovsky2003,
  title={Synchronization: a universal concept in nonlinear sciences},
  author={Pikovsky, Arkady and Rosenblum, Michael and Kurths, J{\"u}rgen},
  year={2003},
  publisher={Cambridge University Press}
}

@book{Winfree2001,
  title={The geometry of biological time},
  author={Winfree, Arthur T},
  year={2001},
  publisher={Springer Science \& Business Media}
}

@article{Bak1987,
  title={Self-organized criticality: An explanation of the 1/f noise},
  author={Bak, Per and Tang, Chao and Wiesenfeld, Kurt},
  journal={Physical review letters},
  volume={59},
  number={4},
  pages={381},
  year={1987},
  publisher={APS}
}

@article{Haken2006,
  title={Information and self-organization: A macroscopic approach to complex systems},
  author={Haken, Hermann},
  journal={Springer Series in Synergetics, Berlin: Springer, 2006},
  year={2006}
}

@article{Kauffman1993,
  title={The origins of order: Self-organization and selection in evolution},
  author={Kauffman, Stuart A},
  journal={Oxford University Press, USA},
  year={1993}
}

@article{Friston2010,
  title={The free-energy principle: a unified brain theory?},
  author={Friston, Karl},
  journal={Nature reviews neuroscience},
  volume={11},
  number={2},
  pages={127--138},
  year={2010},
  publisher={Nature Publishing Group}
}

@article{Kello2010,
  title={Scaling laws in cognitive sciences},
  author={Kello, Christopher T and Brown, Gordon DA and Ferrer-i-Cancho, Ramon and Holden, John G and Linkenkaer-Hansen, Klaus and Rhodes, Theo and Van Orden, Guy C},
  journal={Trends in cognitive sciences},
  volume={14},
  number={5},
  pages={223--232},
  year={2010},
  publisher={Elsevier}
}

@article{Buzsaki2006,
  title={Rhythms of the brain},
  author={Buzsaki, Gy{\"o}rgy},
  journal={Oxford University Press},
  year={2006}
}

@article{VanOrden2003,
  title={Self-organization of cognitive performance},
  author={Van Orden, Guy C and Holden, John G and Turvey, Michael T},
  journal={Journal of Experimental Psychology: General},
  volume={132},
  number={3},
  pages={331},
  year={2003},
  publisher={American Psychological Association}
}

@article{Jensen1998,
  title={Self-organized criticality: Emergent complex behavior in physical and biological systems},
  author={Jensen, Henrik Jeldtoft},
  journal={Cambridge university press},
  year={1998}
}

@article{Kelso1995,
  title={Dynamic patterns: The self-organization of brain and behavior},
  author={Kelso, J. A. Scott},
  journal={MIT press},
  year={1995}
}

@article{Prigogine1984,
  title={Order out of chaos: Man's new dialogue with nature},
  author={Prigogine, Ilya and Stengers, Isabelle},
  journal={Bantam books New York},
  year={1984}
}

@article{Thelen2001,
  title={Dynamic systems theory and the complexity of change},
  author={Thelen, Esther},
  journal={Psychoanalytic Dialogues},
  volume={11},
  number={5},
  pages={689--706},
  year={2001},
  publisher={Taylor \& Francis}
}

@article{Whitacre2010,
  title={Degeneracy: a design principle for robustness and evolvability},
  author={Whitacre, James M.},
  journal={Journal of Theoretical Biology},
  volume={263},
  number={1},
  pages={143--153},
  year={2010},
  publisher={Elsevier}
}

@article{Csermely2010,
  title={Weak links and stability in complex systems},
  author={Csermely, Peter},
  journal={Trends in Biochemical Sciences},
  volume={29},
  number={7},
  pages={331--334},
  year={2004},
  publisher={Elsevier}
}

@article{Tononi1994,
  title={A measure for brain complexity: relating functional segregation and integration in the nervous system},
  author={Tononi, Giulio and Sporns, Olaf and Edelman, Gerald M},
  journal={Proceedings of the National Academy of Sciences},
  volume={91},
  number={11},
  pages={5033--5037},
  year={1994},
  publisher={National Acad Sciences}
}

@article{Sporns2000,
  title={Theoretical neuroanatomy: relating anatomical and functional connectivity in graphs and cortical connection matrices},
  author={Sporns, Olaf and Tononi, Giulio and Edelman, Gerald M},
  journal={Cerebral cortex},
  volume={10},
  number={2},
  pages={127--141},
  year={2000},
  publisher={Oxford University Press}
}

@article{Edelman1987,
  title={Neural Darwinism: The theory of neuronal group selection},
  author={Edelman, Gerald M},
  journal={Basic Books},
  year={1987}
}

@article{Chialvo2010,
  title={Emergent complex neural dynamics},
  author={Chialvo, Dante R},
  journal={Nature physics},
  volume={6},
  number={10},
  pages={744--750},
  year={2010},
  publisher={Nature Publishing Group}
}

@article{Morowitz2002,
  title={The emergence of everything: How the world became complex},
  author={Morowitz, Harold J},
  journal={Oxford University Press},
  year={2002}
}

@article{Beggs2003,
  title={Neuronal avalanches in neocortical circuits},
  author={Beggs, John M and Plenz, Dietmar},
  journal={Journal of neuroscience},
  volume={23},
  number={35},
  pages={11167--11177},
  year={2003},
  publisher={Society for Neuroscience}
}

@article{Shew2013,
  title={The functional benefits of criticality in the cortex},
  author={Shew, Woodrow L and Plenz, Dietmar},
  journal={The neuroscientist},
  volume={19},
  number={1},
  pages={88--100},
  year={2013},
  publisher={Sage Publications Sage CA: Los Angeles, CA}
}

@article{Cocchi2017,
  title={Criticality in the brain: A synthesis of neurobiology, models and cognition},
  author={Cocchi, Luca and Gollo, Leonardo L and Zalesky, Andrew and Breakspear, Michael},
  journal={Progress in neurobiology},
  volume={158},
  pages={132--152},
  year={2017},
  publisher={Elsevier}
}

@article{Hesse2014,
  title={Self-organized criticality as a fundamental property of neural systems},
  author={Hesse, Janina and Gross, Thilo},
  journal={Frontiers in systems neuroscience},
  volume={8},
  pages={166},
  year={2014},
  publisher={Frontiers}
}

@article{Scheffer2009,
  title={Early-warning signals for critical transitions},
  author={Scheffer, Marten and Bascompte, Jordi and Brock, William A and Brovkin, Victor and Carpenter, Stephen R and Dakos, Vasilis and Held, Hermann and Van Nes, Egbert H and Rietkerk, Max and Sugihara, George},
  journal={Nature},
  volume={461},
  number={7260},
  pages={53--59},
  year={2009},
  publisher={Nature Publishing Group}
}

@article{Scheffer2012,
  title={Anticipating critical transitions},
  author={Scheffer, Marten and Carpenter, Stephen R and Lenton, Timothy M and Bascompte, Jordi and Brock, William and Dakos, Vasilis and Van de Koppel, Johan and Van de Leemput, Ingrid A and Levin, Simon A and Van Nes, Egbert H and others},
  journal={Science},
  volume={338},
  number={6105},
  pages={344--348},
  year={2012},
  publisher={American Association for the Advancement of Science}
}

@article{Gao2016,
  title={Universal resilience patterns in complex networks},
  author={Gao, Jianxi and Barzel, Baruch and Barab{\'a}si, Albert-L{\'a}szl{\'o}},
  journal={Nature},
  volume={530},
  number={7590},
  pages={307--312},
  year={2016},
  publisher={Nature Publishing Group}
}

@article{Thurner2018,
  title={Introduction to the theory of complex systems},
  author={Thurner, Stefan and Hanel, Rudolf and Klimek, Peter},
  journal={Oxford University Press},
  year={2018}
}

@article{Cavagna2010,
  title={Scale-free correlations in starling flocks},
  author={Cavagna, Andrea and Cimarelli, Alessio and Giardina, Irene and Parisi, Giorgio and Santagati, Raffaele and Stefanini, Fabio and Viale, Massimiliano},
  journal={Proceedings of the National Academy of Sciences},
  volume={107},
  number={26},
  pages={11865--11870},
  year={2010},
  publisher={National Acad Sciences}
}

@article{Mora2011,
  title={Biological systems as complex systems},
  author={Mora, Thierry and Bialek, William},
  journal={Annual Review of Condensed Matter Physics},
  volume={2},
  number={1},
  pages={317--337},
  year={2011},
  publisher={Annual Reviews}
}

@article{Bialek2012,
  title={Statistical mechanics for natural flocks of birds},
  author={Bialek, William and Cavagna, Andrea and Giardina, Irene and Mora, Thierry and Silvestri, Edmondo and Viale, Massimiliano and Walczak, Aleksandra M},
  journal={Proceedings of the National Academy of Sciences},
  volume={109},
  number={13},
  pages={4786--4791},
  year={2012},
  publisher={National Acad Sciences}
}

@article{Marblestone2016,
  title={Toward an integration of deep learning and neuroscience},
  author={Marblestone, Adam H and Wayne, Greg and Kording, Konrad P},
  journal={Frontiers in computational neuroscience},
  volume={10},
  pages={94},
  year={2016},
  publisher={Frontiers}
}

@article{Carhart-Harris2014,
  title={The entropic brain: a theory of conscious states informed by neuroimaging research with psychedelic drugs},
  author={Carhart-Harris, Robin L and Leech, Robert and Hellyer, Peter J and Shanahan, Murray and Feilding, Amanda and Tagliazucchi, Enzo and Chialvo, Dante R and Nutt, David},
  journal={Frontiers in human neuroscience},
  volume={8},
  pages={20},
  year={2014},
  publisher={Frontiers}
}

@article{Carhart-Harris2018,
  title={The entropic brain hypothesis},
  author={Carhart-Harris, Robin L},
  journal={Neuropharmacology},
  volume={142},
  pages={167--180},
  year={2018},
  publisher={Elsevier}
}

@article{Friston2019,
  title={A free energy principle for a particular physics},
  author={Friston, Karl},
  journal={arXiv preprint arXiv:1906.10184},
  year={2019}
}

@article{Parr2020,
  title={Markov blankets, information geometry and stochastic thermodynamics},
  author={Parr, Thomas and Da Costa, Lancelot and Friston, Karl},
  journal={Philosophical Transactions of the Royal Society A},
  volume={378},
  number={2164},
  pages={20190159},
  year={2020},
  publisher={The Royal Society}
}